% Encoding: UTF-8


@article{shi2020high,
      title={High Dimensional Forecast Combinations Under Latent Structures},
      author={Zhentao Shi and Liangjun Su and Tian Xie},
      year={2020},
      volume={2010.09477},
      journal={arXiv},
      primaryClass={econ.EM}
}



@article{shi2018structural,
  title={Structural estimation of behavioral heterogeneity},
  author={Shi, Zhentao and Zheng, Huanhuan},
  journal={Journal of Applied Econometrics},
  volume={33},
  number={5},
  pages={690--707},
  year={2018},
  publisher={Wiley Online Library}
}


@article{breiman2001statistical,
  title={Statistical modeling: The two cultures},
  author={Breiman, Leo},
  journal={Statistical science},
  volume={16},
  number={3},
  pages={199--231},
  year={2001},
  publisher={Institute of Mathematical Statistics}
}

@Book{breiman1984classification,
  author    = {Leo Breiman and Jerome H Friedman and Richard A Olshen and Charles J Stone},
  publisher = {Wadsworth Publishing},
  title     = {Classification and regression trees},
  year      = {1984},
}

@article{breiman1996bagging,
  title={Bagging predictors},
  author={Breiman, Leo},
  journal={Machine learning},
  volume={24},
  number={2},
  pages={123--140},
  year={1996},
  publisher={Springer}
}


@article{lehrer2017box,
  title={Box Office Buzz: Does Social Media Data Steal the Show from Model Uncertainty When Forecasting for Hollywood?},
  author={Lehrer, Steven and Xie, Tian},
  journal={Review of Economics and Statistics},
  volume={99},
  number={5},
  pages={749--755},
  year={2017},
  publisher={MIT Press}
}



@article{fu2018cvxr,
  title={CVXR: An R package for disciplined convex optimization},
  author={Fu, Anqi and Narasimhan, Balasubramanian and Boyd, Stephen},
  journal={Journal of Statistical Software},
  year={2019}
}

@article{gao2021implementing,
  title={Implementing convex optimization in R: Two econometric examples},
  author={Gao, Zhan and Shi, Zhentao},
  journal={Computational Economics},
  volume={58},
  number={4},
  pages={1127--1135},
  year={2021},
  publisher={Springer}
}


@article{hornik1989multilayer,
  title={Multilayer feedforward networks are universal approximators},
  author={Hornik, Kurt and Stinchcombe, Maxwell and White, Halbert},
  journal={Neural networks},
  volume={2},
  number={5},
  pages={359--366},
  year={1989},
  publisher={Elsevier}
}



@misc{heckman1977sample,
  title={Sample selection bias as a specification error (with an application to the estimation of labor supply functions)},
  author={Heckman, James J},
  year={1977},
  publisher={National Bureau of Economic Research Cambridge, Mass., USA}
}

@article{efron1979bootstrap,
  title={Bootstrap Methods: Another Look at the Jackknife},
  author={Efron, B},
  journal={The Annals of Statistics},
  volume={7},
  number={1},
  pages={1--26},
  year={1979},
  publisher={Institute of Mathematical Statistics}
}

@article{mullainathan2017machine,
  title={Machine learning: an applied econometric approach},
  author={Mullainathan, Sendhil and Spiess, Jann},
  journal={Journal of Economic Perspectives},
  volume={31},
  number={2},
  pages={87--106},
  year={2017}
}

@incollection{athey2018impact,
  title={The impact of machine learning on economics},
  author={Athey, Susan},
  booktitle={The Economics of Artificial Intelligence: An Agenda},
  year={2018},
  publisher={University of Chicago Press}
}


@book{wickham2016r,
  title={R for data science: import, tidy, transform, visualize, and model data},
  author={Wickham, Hadley and Grolemund, Garrett},
  year={2016},
  publisher={O'Reilly Media, Inc.}
}

@article{li2018embracing,
  title={Embracing the blessing of dimensionality in factor models},
  author={Li, Quefeng and Cheng, Guang and Fan, Jianqing and Wang, Yuyan},
  journal={Journal of the American Statistical Association},
  volume={113},
  number={521},
  pages={380--389},
  year={2018},
  publisher={Taylor \& Francis}
}


@article{giannone2021,
  title={Economic Predictions With Big Data: The Illusion of Sparsity},
  author={Giannone, Domenico and Lenza, Michele and Primiceri, Giorgio E},
  journal={Econometrica},
  volume={89},
  number={5},
  pages={2409--2437},
  year={2021}
}


@article{shi2016estimation,
  title={Estimation of sparse structural parameters with many endogenous variables},
  author={Shi, Zhentao},
  journal={Econometric Reviews},
  volume={35},
  number={8-10},
  pages={1582--1608},
  year={2016},
  publisher={Taylor \& Francis}
}


@Book{friedman2001elements,
  title     = {The elements of statistical learning},
  publisher = {Springer},
  year      = {2008},
  author    = {Friedman, Jerome and Hastie, Trevor and Tibshirani, Robert},
  edition   = {2},
}


@article{stock2012generalized,
  title={Generalized shrinkage methods for forecasting using many predictors},
  author={Stock, James H and Watson, Mark W},
  journal={Journal of Business \& Economic Statistics},
  volume={30},
  number={4},
  pages={481--493},
  year={2012},
  publisher={Taylor \& Francis Group}
}



@article{tibshirani1996regression,
  title={Regression shrinkage and selection via the lasso},
  author={Tibshirani, Robert},
  journal={Journal of the Royal Statistical Society. Series B (Methodological)},
  pages={267--288},
  year={1996},
  publisher={JSTOR}
}


@article{fan2001variable,
  title={Variable selection via nonconcave penalized likelihood and its oracle properties},
  author={Fan, Jianqing and Li, Runze},
  journal={Journal of the American statistical Association},
  volume={96},
  number={456},
  pages={1348--1360},
  year={2001},
  publisher={Taylor \& Francis}
}

@Article{zou2006adaptive,
  author    = {Zou, Hui},
  title     = {The adaptive lasso and its oracle properties},
  journal   = {Journal of the American Statistical Association},
  year      = {2006},
  volume    = {101},
  number    = {476},
  pages     = {1418--1429},
  publisher = {Taylor \& Francis},
}


@book{boyd2004convex,
  title={Convex optimization},
  author={Boyd, Stephen and Vandenberghe, Lieven},
  year={2004},
  publisher={Cambridge university press}
}


@article{su2016identifying,
  title={Identifying latent structures in panel data},
  author={Su, Liangjun and Shi, Zhentao and Phillips, Peter CB},
  journal={Econometrica},
  volume={84},
  number={6},
  pages={2215--2264},
  year={2016},
  publisher={Wiley Online Library}
}


@article{shi2016econometric,
  title={Econometric estimation with high-dimensional moment equalities},
  author={Shi, Zhentao},
  journal={Journal of Econometrics},
  volume={195},
  number={1},
  pages={104--119},
  year={2016},
  publisher={Elsevier}
}


@article{nash2014best,
  title={On best practice optimization methods in R},
  author={Nash, John C},
  journal={Journal of Statistical Software},
  volume={60},
  number={2},
  pages={1--14},
  year={2014}
}



@article{chernozhukov2003mcmc,
  title={An MCMC approach to classical estimation},
  author={Chernozhukov, Victor and Hong, Han},
  journal={Journal of Econometrics},
  volume={115},
  number={2},
  pages={293--346},
  year={2003},
  publisher={Elsevier}
}

@book{judd1998numerical,
  title={Numerical methods in economics},
  author={Judd, Kenneth L},
  year={1998},
  publisher={MIT press}
}

@Article{pakes1989simulation,
  author    = {Pakes, Ariel and Pollard, David},
  journal   = {Econometrica},
  title     = {Simulation and the asymptotics of optimization estimators},
  year      = {1989},
  pages     = {1027--1057},
  publisher = {JSTOR},
}

@article{roy1951some,
  title={Some thoughts on the distribution of earnings},
  author={Roy, Andrew Donald},
  journal={Oxford economic papers},
  volume={3},
  number={2},
  pages={135--146},
  year={1951}
}

@article{arcidiacono2003finite,
  title={Finite mixture distributions, sequential likelihood and the EM algorithm},
  author={Arcidiacono, Peter and Jones, John Bailey},
  journal={Econometrica},
  volume={71},
  number={3},
  pages={933--946},
  year={2003},
  publisher={Wiley Online Library}
}

@article{gourieroux1993indirect,
  title={Indirect inference},
  author={Gourieroux, Christian and Monfort, Alain and Renault, Eric},
  journal={Journal of applied econometrics},
  volume={8},
  number={S1},
  pages={S85--S118},
  year={1993},
  publisher={Wiley Online Library}
}

@article{chinco2019sparse,
  title={Sparse signals in the cross-section of returns},
  author={Chinco, Alex and Clark-Joseph, Adam D and Ye, Mao},
  journal={The Journal of Finance},
  volume={74},
  number={1},
  pages={449--492},
  year={2019},
  publisher={Wiley Online Library}
}

@incollection{taddy2018technological,
  title={The Technological Elements of Artificial Intelligence},
  author={Taddy, Matt},
  booktitle={The Economics of Artificial Intelligence: An Agenda},
  pages={61--87},
  year={2018},
  publisher={University of Chicago Press}
}

@article{gentzkow2017text,
  title={Text as data},
  author={Gentzkow, Matthew and Kelly, Bryan and Taddy, Matt},
  journal={Journal of Economic Literature},
  volume={57},
  number={3},
  pages={535--74},
  year={2019}
}

@TechReport{guo2018,
  author      = {Guo, Naijia and Xia, Xiaoyu and Zhang, Junsen},
  title       = {A Matching Model of Intergenerational Co-residence and its Application in China},
  institution = {The Chinese University of Hong Kong},
  year        = {2018},
}

@TechReport{lee2018,
title={On LASSO for predictive regression},
author={Lee, Ji Hyung and Shi, Zhentao and Gao, Zhan},
journal={Journal of Econometrics},
year={2022},
volume={229},
number={2},
pages={322--340},
publisher={Elsevier}
}

@Article{inoue2008useful,
  author    = {Inoue, Atsushi and Kilian, Lutz},
  title     = {How useful is bagging in forecasting economic time series? A case study of US consumer price inflation},
  journal   = {Journal of the American Statistical Association},
  year      = {2008},
  volume    = {103},
  number    = {482},
  pages     = {511--522},
  publisher = {Taylor \& Francis},
}



@article{wager2018estimation,
  title={Estimation and inference of heterogeneous treatment effects using random forests},
  author={Wager, Stefan and Athey, Susan},
  journal={Journal of the American Statistical Association},
  volume={113},
  number={523},
  pages={1228--1242},
  year={2018},
  publisher={Taylor \& Francis}
}

@Article{hirano2017forecasting,
  author    = {Hirano, Keisuke and Wright, Jonathan H},
  title     = {Forecasting with model uncertainty: Representations and risk reduction},
  journal   = {Econometrica},
  year      = {2017},
  volume    = {85},
  number    = {2},
  pages     = {617--643},
  publisher = {Wiley Online Library},
}

@Article{athey2019generalized,
  author    = {Athey, Susan and Tibshirani, Julie and Wager, Stefan},
  title     = {Generalized random forests},
  journal   = {The Annals of Statistics},
  year      = {2019},
  volume    = {47},
  number    = {2},
  pages     = {1148--1178},
  publisher = {Institute of Mathematical Statistics},
}

@Article{scornet2015consistency,
  author    = {Scornet, Erwan and Biau, G{\'e}rard and Vert, Jean-Philippe},
  title     = {Consistency of random forests},
  journal   = {The Annals of Statistics},
  year      = {2015},
  volume    = {43},
  number    = {4},
  pages     = {1716--1741},
  publisher = {Institute of Mathematical Statistics},
}

@article{gu2018empirical,
  title={Empirical asset pricing via machine learning},
  author={Gu, Shihao and Kelly, Bryan and Xiu, Dacheng},
  journal={The Review of Financial Studies},
  volume={33},
  number={5},
  pages={2223--2273},
  year={2020},
  publisher={Oxford University Press}
}

@article{feng2019taming,
  title={Taming the factor zoo: A test of new factors},
  author={Feng, Guanhao and Giglio, Stefano and Xiu, Dacheng},
  journal={The Journal of Finance},
  volume={75},
  number={3},
  pages={1327--1370},
  year={2020},
  publisher={Wiley Online Library}
}


@Article{breiman2001random,
  author    = {Breiman, Leo},
  title     = {Random forests},
  journal   = {Machine learning},
  year      = {2001},
  volume    = {45},
  number    = {1},
  pages     = {5--32},
  publisher = {Springer},
}

@TechReport{lin2020,
  author      = {Wei Lin and Zhentao Shi and Yishu Wang and Ting Hin Yan},
  institution = {The Chinese University of Hong Kong},
  title       = {Unfolding Beijing in a Hedonic Way},
  year        = {2020},
  url         = {https://www.researchgate.net/publication/339551353_Unfolding_Beijing_in_a_Hedonic_Way},
}


@article{qin1994empirical,
  title={Empirical likelihood and general estimating equations},
  author={Qin, Jin and Lawless, Jerry},
  journal={The Annals of Statistics},
  volume = {22},
  number = {1},
  pages={300--325},
  year={1994},
  publisher={JSTOR}
}

@article{owen1988empirical,
 author = {Art B. Owen},
 journal = {Biometrika},
 number = {2},
 pages = {237-249},
 publisher = {Oxford University Press},
 title = {Empirical Likelihood Ratio Confidence Intervals for a Single Functional},
 volume = {75},
 year = {1988}
}

@Book{cameron2005microeconometrics,
  author    = {Cameron, A Colin and Trivedi, Pravin K},
  publisher = {Cambridge University Press},
  title     = {Microeconometrics: Methods and Applications},
  year      = {2005},
}

@Article{phillips2012folklore,
  author    = {Phillips, Peter CB},
  journal   = {Econometrica},
  title     = {Folklore theorems, implicit maps, and indirect inference},
  year      = {2012},
  number    = {1},
  pages     = {425--454},
  volume    = {80},
  publisher = {Wiley Online Library},
}

@Article{li2010indirect,
  author    = {Li, Tong},
  journal   = {Journal of Econometrics},
  title     = {Indirect inference in structural econometric models},
  year      = {2010},
  number    = {1},
  pages     = {120--128},
  volume    = {157},
  publisher = {Elsevier}
}

@Article{hall1996bootstrap,
  author    = {Hall, Peter and Horowitz, Joel L},
  journal   = {Econometrica},
  title     = {Bootstrap critical values for tests based on generalized-method-of-moments estimators},
  year      = {1996},
  pages     = {891--916},
  publisher = {JSTOR},
}

@Article{chang2004bootstrap,
  author    = {Chang, Yoosoon},
  journal   = {Journal of Econometrics},
  title     = {Bootstrap unit root tests in panels with cross-sectional dependency},
  year      = {2004},
  number    = {2},
  pages     = {263--293},
  volume    = {120},
  publisher = {Elsevier},
}

@Article{davidson2010wild,
  author    = {Davidson, Russell and MacKinnon, James G},
  journal   = {Journal of Business \& Economic Statistics},
  title     = {Wild bootstrap tests for IV regression},
  year      = {2010},
  number    = {1},
  pages     = {128--144},
  volume    = {28},
  publisher = {Taylor \& Francis}
}

@Article{silva2006log,
  author    = {Silva, JMC Santos and Tenreyro, Silvana},
  journal   = {The Review of Economics and Statistics},
  title     = {The log of gravity},
  year      = {2006},
  number    = {4},
  pages     = {641--658},
  volume    = {88},
  publisher = {MIT Press},
}

@TechReport{epubwu5858,
  author      = {Stefan Theu{\ss}l and Florian Schwendinger and Kurt Hornik},
  institution = {WU Vienna University of Economics and Business},
  title       = {ROI: The R Optimization Infrastructure Package},
  year        = {2019},
  address     = {Vienna},
  month       = {October},
  number      = {133},
  type        = {Research Report Series / Department of Statistics and Mathematics},
  url         = {http://epub.wu.ac.at/5858/},
}

@Article{smith1993estimating,
  author    = {Smith, Anthony A},
  journal   = {Journal of Applied Econometrics},
  title     = {Estimating nonlinear time-series models using simulated vector autoregressions},
  year      = {1993},
  number    = {S1},
  pages     = {S63--S84},
  volume    = {8},
  publisher = {Wiley Online Library},
}

@InProceedings{james1961estimation,
  author       = {James, W and Stein, Charles},
  booktitle    = {Proceedings of the Fourth Berkeley Symposium on Mathematical Statistics and Probability, Volume 1: Contributions to the Theory of Statistics},
  title        = {Estimation with Quadratic Loss},
  year         = {1961},
  organization = {The Regents of the University of California},
}

@Article{shi2019forward,
  author  = {Shi, Zhentao and Huang, Jingyi},
  journal = {arXiv preprint arXiv:1908.05894},
  title   = {Forward-Selected Panel Data Approach for Program Evaluation},
  year    = {2019},
}

@article{phillips2019boosting,
  title={Boosting: Why you can use the HP filter},
  author={Phillips, Peter CB and Shi, Zhentao},
  journal={International Economic Review},
  publisher={Wiley Online Library},
  year = {2021},
  volume = {62},
  number = {2},
  pages = {521--570}
}


@InProceedings{cheng2020survey,
  author    = {Kayan Cheng and Naijing Huang and Zhentao Shi},
  booktitle = {Studies in Computational Intelligence: Behavioral Predictive Modeling in Econometrics},
  title     = {Survay-Based Forecasting: To Average or Not To Average},
  year      = {2020},
  editor    = {Vladik Kreinovich, Songsak Sriboonchitta, Woraphon Yamaka},
  publisher = {Springer-Verlag},
}

@Comment{jabref-meta: databaseType:bibtex;}
